<?xml version="1.0" encoding="UTF-8"?><collection xmlns="http://www.loc.gov/MARC21/slim"><record><leader>00471nam--2200145-i-4500</leader><controlfield tag="001">000012852</controlfield><controlfield tag="002">20161230</controlfield><controlfield tag="005">20170225110149</controlfield><controlfield tag="008">060222s1000------------r-----000-0-eng-d</controlfield><datafield ind1=" " ind2=" " tag="245"><subfield code="a">Dynamics nmr spectroscopy. With contributions by Alois Steigel and Hans Wolfgang Speess</subfield></datafield><datafield ind1=" " ind2=" " tag="260"><subfield code="a">Berlin</subfield><subfield code="b">Springer-verlag</subfield><subfield code="c">1978</subfield></datafield><datafield ind1=" " ind2=" " tag="300"><subfield code="a">214 p</subfield></datafield><datafield ind1=" " ind2=" " tag="490"><subfield code="a">Nmr Basic Principles And Progress Grundlagen Und Fortschritte</subfield></datafield><datafield ind1=" " ind2=" " tag="852"><subfield code="a">539.143.43:539.19</subfield></datafield><datafield ind1=" " ind2=" " tag="CAT"><subfield code="a">SYS</subfield><subfield code="c">20170225</subfield><subfield code="h">110149</subfield></datafield></record></collection>